@book{AIAMA,
  title={Artificial intelligence: a modern approach},
  author={Russell, Stuart J and Norvig, Peter},
  year={2016},
  publisher={Malaysia; Pearson Education Limited},
  edition={3},
  OPTlanguage={English}
}

@article{NN_introduction-Kriessel,
  title={A brief introduction to neural networks. 2007},
  author={Kriesel, David},
  url={http://www.dkriesel.com},
  year={2007},
  OPTlanguage={English}
}
@booklet{NN-Nielsen-web,
  title={Neural networks and deep learning},
  author={Nielsen, Michael A},
  volume={25},
  year={2015},
  publisher={Determination press San Francisco, CA, USA:},
  url={http://neuralnetworksanddeeplearning.com/},
  OPTlanguage={English}
}
@online{wiki:H-funkce,
   author = "Wikipedie",
   title = "Heavisideova funkce --- Wikipedie: Otevřená encyklopedie",
   year = "2018",
   url = "https://cs.wikipedia.org/w/index.php?title=Heavisideova_funkce&oldid=15733913",
   note = "[Online; navštíveno 25. 12. 2019]"
}
@online{NN-zoo,
author = {Fjodor Van Veen},
title = {The Neural Network Zoo},
year = {2016},
url = {https://www.asimovinstitute.org/neural-network-zoo/},
urldate = {2019-12-25},
}
@online{ wiki:ucelova-funkce,
   author = "Wikipedie",
   title = "Účelová funkce --- Wikipedie: Otevřená encyklopedie",
   year = "2019",
   url = "https://cs.wikipedia.org/w/index.php?title=%C3%9A%C4%8Delov%C3%A1_funkce&oldid=17923117",
   note = "[Online; navštíveno 27. 12. 2019]"
 }
 @online{3B1B-ch2,
 author = {3Blue1Brown},
 title = {Deep learning, chapter 2: Gradient descent, how neural networks learn},
 year = {2017},
 url = {https://youtu.be/IHZwWFHWa-w},
 urldate = {2019-12-28},
 }
  @online{3B1B-ch3,
 author = {3Blue1Brown},
 title = {Deep learning, chapter 3: What is backpropagation really doing?},
 year = {2017},
 url = {https://youtu.be/Ilg3gGewQ5U},
 urldate = {2019-12-28},

 }
 @online{3B1B-ch4,
 author = {3Blue1Brown},
 title = {Deep learning, chapter 4: Backpropagation calculus},
 year = {2017},
 url = {https://youtu.be/tIeHLnjs5U8},
  urldate = {2019-12-28},
 }
@article{openai2019dota,
  title={Dota 2 with Large Scale Deep Reinforcement Learning},
  author={OpenAI and Christopher Berner and Greg Brockman and Brooke Chan and Vicki Cheung and Przemysław Dębiak and Christy Dennison and David Farhi and Quirin Fischer and Shariq Hashme and Chris Hesse and Rafal Józefowicz and Scott Gray and Catherine Olsson and Jakub Pachocki and Michael Petrov and Henrique Pondé de Oliveira Pinto and Jonathan Raiman and Tim Salimans and Jeremy Schlatter and Jonas Schneider and Szymon Sidor and Ilya Sutskever and Jie Tang and Filip Wolski and Susan Zhang},
  year={2019},
  eprint={1912.06680},
  archivePrefix={arXiv},
  url={https://arxiv.org/abs/1912.06680}
}

@article {AlphaZero,
	author = {Silver, David and Hubert, Thomas and Schrittwieser, Julian and Antonoglou, Ioannis and Lai, Matthew and Guez, Arthur and Lanctot, Marc and Sifre, Laurent and Kumaran, Dharshan and Graepel, Thore and Lillicrap, Timothy and Simonyan, Karen and Hassabis, Demis},
	title = {A general reinforcement learning algorithm that masters chess, shogi, and Go through self-play},
	volume = {362},
	number = {6419},
	pages = {1140--1144},
	year = {2018},
	doi = {10.1126/science.aar6404},
	publisher = {American Association for the Advancement of Science},
	issn = {0036-8075},
	URL = {https://science.sciencemag.org/content/362/6419/1140},
	eprint = {https://science.sciencemag.org/content/362/6419/1140.full.pdf},
	journal = {Science}
}
@article{AlphaGoZero,
  author = {Silver, David and Schrittwieser, Julian and Simonyan, Karen and Antonoglou, Ioannis and Huang, Aja and Guez, Arthur and Hubert, Thomas and Baker, Lucas and Lai, Matthew and Bolton, Adrian and Chen, Yutian and Lillicrap, Timothy and Hui, Fan and Sifre, Laurent and Driessche, George van den and Graepel, Thore and Hassabis, Demis},
  year = {2017},
  title = {{Mastering the game of Go without human knowledge}},
  journal = {Nature},
  publisher = {Nature Publishing Group},
  issn = {0028-0836},
  doi = {10.1038/nature24270},
  volume = {550},
  month = {10},
  pages = {354--359},
  number = {7676},
  url = {https://doi.org/10.1038/nature24270},
  note={Blogpost od DeepMind s linkem na veřejně přísupnou studii: \url{https://deepmind.com/blog/article/alphago-zero-starting-scratch}}
}
@article {FAIR-poker,
	author = {Brown, Noam and Sandholm, Tuomas},
	title = {Facebook, Carnegie Mellon build first AI that beats pros in 6-player poker},
	year = {2019},
	URL = {https://ai.facebook.com/blog/pluribus-first-ai-to-beat-pros-in-6-player-poker/},
	urldate={2019-12-30}
}
@article{AlphaStar,
author = {Vinyals, Oriol and Babuschkin, Igor and Czarnecki, Wojciech M. and Mathieu, Michaël and Dudzik, Andrew and Chung, Junyoung and Choi, David H. and Powell, Richard and Ewalds, Timo and Georgiev, Petko and Oh, Junhyuk and Horgan, Dan and Kroiss, Manuel and Danihelka, Ivo and Huang, Aja and Sifre, Laurent and Cai, Trevor and Agapiou, John P. and Jaderberg, Max and Vezhnevets, Alexander S. and Leblond, Rémi and Pohlen, Tobias and Dalibard, Valentin and Budden, David and Sulsky, Yury and Molloy, James and Paine, Tom L. and Gulcehre, Caglar and Wang, Ziyu and Pfaff, Tobias and Wu, Yuhuai and Ring, Roman and Yogatama, Dani and Wünsch, Dario and McKinney, Katrina and Smith, Oliver and Schaul, Tom and Lillicrap, Timothy and Kavukcuoglu, Koray and Hassabis, Demis and Apps, Chris and Silver, David},
year = {2019},
title = {{Grandmaster level in StarCraft II using multi-agent reinforcement learning}},
journal = {Nature},
publisher = {Nature Publishing Group},
issn = {0028-0836},
doi = {10.1038/s41586-019-1724-z},
volume = {575},
month = {11},
pages = {350--354},
number = {7782},
url = {https://doi.org/10.1038/s41586-019-1724-z},
note={Blogpost od DeepMind s linkem na veřejně přísupnou studii : \url{https://deepmind.com/blog/article/AlphaStar-Grandmaster-level-in-StarCraft-II-using-multi-agent-reinforcement-learning}}
}


@book{introductionML,
  title={Introduction to machine learning: An early draft of a proposed textbook},
  author={Nilsson, Nils J},
  year={1996},
  publisher={USA; Stanford University}
}

@article{eikvil-ocr,
  title={Optical character recognition},
  author={Eikvil, Line},
  publisher={Citeseer},
  year={1993}
}

@article{chaudhuri2017optical,
  title={Optical character recognition systems for different languages with soft computing},
  author={Chaudhuri, Arindam and Mandaviya, Krupa and K Ghosh, Soumya and Badelia, Pratixa},
  year={2017},
  publisher={Springer}
}

@misc{wiki:OCR,
   author = "Wikipedie",
   title = "Optické rozpoznávání znaků --- Wikipedie: Otevřená encyklopedie",
   year = "2019",
   url = "https://cs.wikipedia.org/w/index.php?title=Optick%C3%A9_rozpozn%C3%A1v%C3%A1n%C3%AD_znak%C5%AF&oldid=17658829",
   note = "[Online; navštíveno 13. 01. 2020]"
 }
 
@online{tesseract_wiki,
author = {megapro17},
title = {Tesseract OCR Wiki: ReadMe},
year = {2018},
url = {https://github.com/tesseract-ocr/tesseract/blob/master/README.md},
urldate = {2020-02-15},
}
@online{opencv_about,
author = {},
title = {About OpenCV},
year = {},
url = {https://opencv.org/about/},
urldate = {2020-01-30},
}

@article{opencv_library,
    author = {Bradski, G.},
    citeulike-article-id = {2236121},
    journal = {Dr. Dobb's Journal of Software Tools},
    keywords = {bibtex-import},
    posted-at = {2008-01-15 19:21:54},
    priority = {4},
    title = {{The OpenCV Library}},
    year = {2000}
}
@online{MS_CV,
author = {Micorsoft},
title = {},
year = {},
url = {https://azure.microsoft.com/en-us/services/cognitive-services/computer-vision/},
urldate = {2020-01-30},
}
@online{Google_CV,
author = {Google},
title = {},
year = {},
url = {https://cloud.google.com/vision},
urldate = {2020-01-30},
}
@online{Amazon_CV,
author = {Amazon},
title = { },
year = {},
url = {https://aws.amazon.com/rekognition/},
urldate = {2020-01-30},
}
@online{pytesseract,
author = { Samuel Hoffstaetter},
title = {Python Tesseract },
year = {2020},
url = {https://github.com/madmaze/pytesseract},
urldate = {2020-01-30},
}

@incollection{soft_fuzzy,
  title={Soft computing and fuzzy logic},
  author={Zadeh, Lotfi A},
  booktitle={Fuzzy Sets, Fuzzy Logic, and Fuzzy Systems: Selected Papers by Lotfi a Zadeh},
  pages={796--804},
  year={1996},
  publisher={World Scientific}
}
@online{wiki_logistic_function,
author = {{Wikimedia Commons, uživatel: Qef}},
title = {Logistická křivka},
year = {2008},
url = {https://commons.wikimedia.org/w/index.php?title=File:Logistic-curve.svg&oldid=365963933},
urldate = {2020-02-05},
}

@ARTICLE{fuzzy_logic,
author={L. A. {Zadeh}},
journal={Computer},
title={Fuzzy logic},
year={1988},
volume={21},
number={4},
pages={83-93},
keywords={formal logic;fuzzy set theory;fuzzy logic;meaning representation;inference;rules;linguistic variable;fuzzy control;Fuzzy logic;Automatic control;Laboratories;Application software;Process control;Medical diagnosis;Finance;Earthquake engineering;Steam engines;Vehicles},
doi={10.1109/2.53},
ISSN={1558-0814},
month={4},}

@online{pero_dataset,
author = {Project PERO},
title = {Brno Mobile OCR Dataset},
year = {2019},
url = {https://pero.fit.vutbr.cz/brno_mobile_ocr_dataset},
urldate = {2020-02-05},
note = {Obsahuje možnost stáhnutí datasetu}
}

@article{BMOD_article,
  author    = {Martin Kišš and
               Michal Hradiš and
               Oldřich Kodym},
  title     = {Brno Mobile {OCR} Dataset},
  journal   = {CoRR},
  volume    = {abs/1907.01307},
  year      = {2019},
  url       = {http://arxiv.org/abs/1907.01307},
  archivePrefix = {arXiv},
  eprint    = {1907.01307},
  timestamp = {Mon, 08 Jul 2019 14:12:33 +0200},
  biburl    = {https://dblp.org/rec/bib/journals/corr/abs-1907-01307},
  bibsource = {dblp computer science bibliography, https://dblp.org}
}

@online{wiki_fuzzy,
author = {Přispěvatelé Wikipedie},
title = {Fuzzy logika},
year = {2019},
url = {https://cs.wikipedia.org/w/index.php?title=Fuzzy_logika&oldid=17400103},
urldate = {2020-02-05},
}

@online{Tess_wiki_improve,
author = {tesseract-ocr},
title = {Improving the quality of the output},
year = {2020},
url = {https://tesseract-ocr.github.io/tessdoc/ImproveQuality},
urldate = {2020-02-15},
}

@online{tess_weird,
author = {Willus Dotkom},
title = {Optimal image resolution (dpi/ppi) for Tesseract 4.0.0 and eng.traineddata?},
year = {2018},
url = {https://groups.google.com/forum/#!msg/tesseract-ocr/Wdh_JJwnw94/24JHDYQbBQAJ},
OPTdate = {2018-12-28},
urldate = {2020-02-15},
}

@online{wiki_wer,
author = {Wikipedia contributors},
title = {Word error rate --- {Wikipedia}{,} The Free Encyclopedia},
year = {2020},
url = {https://en.wikipedia.org/w/index.php?title=Word_error_rate&oldid=939575741},
urldate = {2020-02-16},
}




%Dokumentace
@online{CV_resize,
author = {},
title = {Geometric Image Transformations},
year = {},
url = {https://docs.opencv.org/master/da/d54/group__imgproc__transform.html#ga47a974309e9102f5f08231edc7e7529d},
urldate = {2020-02-16},
}

@online{CV_gray,
author = {},
title = {Color Space Conversions},
year = {},
url = {https://docs.opencv.org/master/d8/d01/group__imgproc__color__conversions.html#gga4e0972be5de079fed4e3a10e24ef5ef0a353a4b8db9040165db4dacb5bcefb6ea},
OPTurldate = {2020-02-16},
}
@online{CV_blur,
author = {},
title = {Smoothing Images},
year = {},
url = {https://docs.opencv.org/master/d4/d13/tutorial_py_filtering.html},
urldate = {2020-02-16},
}
@online{CV_bilateral,
author = {},
title = {Image Filtering},
year = {},
url = {https://docs.opencv.org/master/d4/d86/group__imgproc__filter.html#ga9d7064d478c95d60003cf839430737ed},
urldate = {2020-02-16},
}
@online{CV_threshold,
author = {},
title = {Image Thresholding},
year = {},
url = {https://docs.opencv.org/master/d7/d4d/tutorial_py_thresholding.html},
urldate = {2020-02-16},
}
@online{CV_denoise,
author = {},
title = {Image Denoising},
year = {},
url = {https://docs.opencv.org/master/d5/d69/tutorial_py_non_local_means.html},
urldate = {2020-02-16},
}








